@mastersthesis{laser4.0,
  author = {Khedr Kanaan},
  title = {Development and implementation of industry 4.0 laser cutter module
           (Construction and Electronics)},
  school = {Hochschule Emden/Leer, University of Applied Sciences},
  year = 2022,
}

@manual{ircuserguide,
  organization = "Commonplace Robotics GmbH",
  title = "igus Robot Control V13 Benutzerhandbuch",
  year = 2023,
  month = 5,
}

  % title       = "MODBUS APPLICATION PROTOCOL SPECIFICATION V1.1b3,
@manual{modbus,
  organization = "Modbus Organization",
  title = "MODBUS Messaging on TCP/IP Implementation Guide V1.0b",
  year = 2012,
  month = 4,
}

@manual{modbustcp,
  organization = "Modbus Organization",
  title       = "MODBUS APPLICATION PROTOCOL SPECIFICATION V1.1b3",
  year = 2006,
  month = 10,
}

@online{cprmodbus,
  author = {Commonplace Robotics GmbH},
  title = {Modbus Server},
  year = 2013,
  url = {https://wiki.cpr-robots.com/index.php/Modbus_Server},
  urldate = {2023-09-29},
}

@online{eps,
  organization = {Espressif Systems},
  title = {ESP32 overview},
  year = 2023,
  url = {https://www.espressif.com/en/products/socs/esp32},
  urldate = {2023-12-25},
}

@online{delta,
  organization = {igus® GmbH},
  title = {3-Achs Delta Roboter},
  year = 2023,
  url = {https://www.igus.de/product/20437?artNr=DLE-DR-0054},
  urldate = {2023-09-29},
}
@online{pythonweb,
  organization = {The Python Software Foundation},
  title = {The Python Tutorial},
  year = 2023,
  url = {https://docs.python.org/3/tutorial/index.html},
  urldate = {2023-09-29},
}
@inbook{python,
  author = {Guido van Rossum and the Python development team},
  title = {Python Frequently Asked Questions},
  organization = {Python Software Foundation},
  year = 2024,
  month = 1,
  edition = {3},
  chapter = 1
}
@online{pymodbus,
  author = {Loïc Lefebvre},
  title = {pyModbusTCP’s documentation},
  year = 2022,
  url = {https://pymodbustcp.readthedocs.io},
  urldate = {2023-09-29},
}
@online{tkinter,
  author = {The Python Software Foundation},
  title = {tkinter — Python interface to Tcl/Tk},
  year = 2022,
  url = {https://docs.python.org/3/library/tkinter.html},
  urldate = {2023-09-29},
}

@online{gripper,
  author = {Michael Grabowski},
  title = {Robotic gripper},
  year = 2022,
  url = {https://github.com/Evroc/Robotic-gripper},
  urldate = {2023-09-29},
}

@online{azure,
  author = {Benedek Dévényi},
  title = {Azure-ttk-theme},
  year = 2023,
  url = {https://github.com/rdbende/Azure-ttk-theme},
  urldate = {2023-09-29},
}

@book{halfacree20,
  author = {Gareth Halfacree},
  title = {Raspberry Pi Beginner’s Guide},
  publisher = {Raspberry Pi Trading Ltd},
  year = {2020},
  edition = {4},
  isbn = {978-1-912047-73-4},
}

@book{modbustyp,
  author = {Peter Chipkin},
  title = {Modbus for Field Technicians },
  publisher = {Chipkin Automation Systems Unc},
  year = {2010},
  edition = {1},
}

@Comment{jabref-meta: databaseType:bibtex;}

